@book{latex,
  title = {LaTeX : A Documentation Preparation System User's Guide and Reference Manual},
  publisher = {Addison-Wesley Professional},
  year = {1994},
  author = {Leslie Lamport}
}

@misc{klein_2015,
    title={Gerwin's Style Guide for Isabelle/HOL. Part 1: Good Proofs.},
    url={http://proofcraft.org/blog/isabelle-style.html},
    journal={proofcraft.org},
    author={Klein, Gerwin},
    year={2015},
    month={05},
    day={23}
}
@misc{klein_2015_2,
    title={Gerwin's Style Guide for Isabelle/HOL. Part 2: Good Style.},
    url={http://proofcraft.org/blog/isabelle-style-part2.html},
    journal={proofcraft.org},
    author={Klein, Gerwin},
    year={2015},
    month={05},
    day={30}
}

@misc{sel4,
  doi = {10.5281/ZENODO.591732},
  url = {https://zenodo.org/record/591732},
  author = {{Trustworthy Systems Team}},
  keywords = {seL4,  Isabelle/HOL,  formal proof},
  title = {Sel4 Proofs For Api 1.03,  Release 2014-08-10},
  publisher = {Zenodo},
  year = {2014},
  copyright = {Open Access}
}

@misc{isabelle-system,
  title={The Isabelle system manual},
  author={Makarius Wenzel},
  year={2021},
  howpublished="\url{https://isabelle.in.tum.de/doc/system.pdf}"
}

@misc{isabelle-jedit,
  title={Isabelle/jEdit},
  author={Makarius Wenzel},
  year={2021},
  month={02},
  day={20},
  howpublished="\url{https://isabelle.in.tum.de/doc/system.pdf}"
}

@misc{isabelle-isar-ref,
  title={The isabelle/isar reference manual},
  author={Wenzel, Makarius and others},
  year={2021},
  month={02},
  day={20},
  howpublished="\url{https://isabelle.in.tum.de/doc/isar-ref.pdf}"
}

@article{moors2008parser,
  title={Parser combinators in Scala},
  author={Moors, Adriaan and Piessens, Frank and Odersky, Martin},
  journal={CW Reports},
  volume={54},
  year={2008},
  publisher={Department of Computer Science, KU Leuven; Leuven, Belgium}

}

@incollection{vanDoorn2020,
  doi = {10.1007/978-3-030-53518-6_16},
  url = {https://doi.org/10.1007/978-3-030-53518-6_16},
  year = {2020},
  publisher = {Springer International Publishing},
  pages = {251--267},
  author = {Floris van Doorn and Gabriel Ebner and Robert Y. Lewis},
  title = {Maintaining a Library of Formal Mathematics},
  booktitle = {Lecture Notes in Computer Science}
}

@incollection{deMoura2015,
  doi = {10.1007/978-3-319-21401-6_26},
  url = {https://doi.org/10.1007/978-3-319-21401-6_26},
  year = {2015},
  publisher = {Springer International Publishing},
  pages = {378--388},
  author = {Leonardo de Moura and Soonho Kong and Jeremy Avigad and Floris van Doorn and Jakob von Raumer},
  title = {The Lean Theorem Prover (System Description)},
  booktitle = {Automated Deduction - {CADE}-25}
}
@inproceedings{ThemathlibCommunity2020,
  doi = {10.1145/3372885.3373824},
  url = {https://doi.org/10.1145/3372885.3373824},
  year = {2020},
  month = jan,
  publisher = {{ACM}},
  author = {{The mathlib Community}},
  title = {The lean mathematical library},
  booktitle = {Proceedings of the 9th {ACM} {SIGPLAN} International Conference on Certified Programs and Proofs}
}
@book{johnson1977lint,
  title={Lint, a C program checker},
  author={Johnson, Stephen C},
  year={1977},
  publisher={Bell Telephone Laboratories Murray Hill}
}
@book{ritchie1988c,
  title={The C programming language},
  author={Ritchie, Dennis M and Kernighan, Brian W and Lesk, Michael E},
  year={1988},
  publisher={Prentice Hall Englewood Cliffs}
}
@misc{isabelle-implementation,
  title={The Isabelle/Isar Implementation},
  author={Wenzel, Makarius and Berghofer, Stefan and Haftmann, Florian and Paulson, Larry},
  year={2021},
  month={02},
  day={20},
  howpublished="\url{https://isabelle.in.tum.de/doc/implementation.pdf}"
}
@article{Wenzel2012,
  doi = {10.1016/j.entcs.2012.06.009},
  url = {https://doi.org/10.1016/j.entcs.2012.06.009},
  year = {2012},
  month = sep,
  publisher = {Elsevier {BV}},
  volume = {285},
  pages = {101--114},
  author = {Makarius Wenzel},
  title = {Asynchronous Proof Processing with Isabelle/Scala and Isabelle/{jEdit}},
  journal = {Electronic Notes in Theoretical Computer Science}
}

@misc{eslint,
  title = {{ESLint}},
  howpublished="\url{https://eslint.org/}"
}


@misc{hlint,
  title = {{HLint}},
  author = {Neil Mitchell},
  howpublished="\url{https://github.com/ndmitchell/hlint}"
}


@misc{pylint,
 title = {Pylint - code analysis for Python},
 howpublished="\url{https://www.pylint.org/}"
}

@techreport{barras:inria-00069968,
  TITLE = {{The Coq Proof Assistant Reference Manual : Version 6.1}},
  AUTHOR = {Barras, Bruno and Boutin, Samuel and Cornes, Cristina and Courant, Judica{\"e}l and Filli{\^a}tre, Jean-Christophe and Gim{\'e}nez, Eduardo and Herbelin, Hugo and Huet, G{\'e}rard and Mu{\~n}oz, C{\'e}sar and Murthy, Chetan and Parent, Catherine and Paulin-Mohring, Christine and Sa{\"i}bi, Amokrane and Werner, Benjamin},
  URL = {https://hal.inria.fr/inria-00069968},
  NOTE = {Projet COQ},
  TYPE = {Research Report},
  NUMBER = {RT-0203},
  PAGES = {214},
  INSTITUTION = {{INRIA}},
  YEAR = {1997},
  MONTH = May,
  KEYWORDS = {FORMAL PROOFS ; CALCULUS OF INDUCTIVES CONSTRUCTIONS ; COQ ; PROOF ASSISTANT},
  PDF = {https://hal.inria.fr/inria-00069968/file/RT-0203.pdf},
  HAL_ID = {inria-00069968},
  HAL_VERSION = {v1},
}

@misc{herklotz2020formal,
  title={Formal Verification of High-Level Synthesis},
  author={Herklotz, Yann and Pollard, James and Ramanathan, Nadesh and Wickerson, John},
  year={2020}
}

@misc{agda,
  author = {Norell, Ulf and Danielsson, Nils Anders and Abel,Andreas and Cockx, Jesper},
  title = {Agda},
  howpublished = "\url{https://github.com/agda/agda}"
}

@inproceedings{isabelle-pide,
  title={Isabelle/PIDE after 10 years of development},
  author={Wenzel, Makarius},
  booktitle={{UITP workshop: User Interfaces for Theorem Provers. https://sketis. net/wp-content/uploads/2018/08/isabellepide-uitp2018. pdf}},
  year={2018}
}

@inproceedings{wenzel2019interaction,
  title={Interaction with formal mathematical documents in Isabelle/PIDE},
  author={Wenzel, Makarius},
  booktitle={International Conference on Intelligent Computer Mathematics},
  pages={1--15},
  year={2019},
  organization={Springer}
}

@misc{hutton1996monadic,
  title={Monadic parser combinators},
  author={Hutton, Graham and Meijer, Erik},
  year={1996},
  publisher={Citeseer}
}
@inproceedings{wadler1985replace,
  title={How to replace failure by a list of successes a method for exception handling, backtracking, and pattern matching in lazy functional languages},
  author={Wadler, Philip},
  booktitle={Conference on Functional Programming Languages and Computer Architecture},
  pages={113--128},
  year={1985},
  organization={Springer}
}